@INPROCEEDINGS{VijayGrauman2011, 
author={Vijayanarasimhan, S. and Grauman, K.}, 
booktitle={Computer Vision and Pattern Recognition (CVPR), 2011 IEEE Conference on}, title={Efficient region search for object detection}, 
year={2011}, 
month={june}, 
volume={}, 
number={}, 
pages={1401 -1408}, 
keywords={bounding boxes;branch-and-cut strategy;object detection datasets;prize-collecting Steiner tree problem;region search;scoring approach;object detection;search problems;trees (mathematics);}, 
doi={10.1109/CVPR.2011.5995545}, 
ISSN={1063-6919},}

@INPROCEEDINGS{KenGalShi2011, 
author={Kennedy, R. and Gallier, J. and Jianbo Shi}, 
booktitle={Computer Vision and Pattern Recognition (CVPR), 2011 IEEE Conference on}, title={Contour cut: Identifying salient contours in images by solving a Hermitian eigenvalue problem}, 
year={2011}, 
month={june}, 
volume={}, 
number={}, 
pages={2065 -2072}, 
keywords={Hermitian eigenvalue problem;contour cut;cost function;graph circulation;graph compression;one-dimensional structures;salient contour identification;untangling-cycle cost function;weighted graph;eigenvalues and eigenfunctions;graph theory;image processing;}, 
doi={10.1109/CVPR.2011.5995739}, 
ISSN={1063-6919},}

@article{nakagomimulti,
  title={Multi-shape graph-cuts and its application to lung segmentation from a chest CT volume},
  author={Nakagomi, K. and Shimizu, A. and Kobatake, H. and Yakami, M. and Fujimoto, K. and Togashi, K.}
}

@inproceedings{leventon2000statistical,
  title={Statistical shape influence in geodesic active contours},
  author={Leventon, M.E. and Grimson, W.E.L. and Faugeras, O.},
  booktitle={Computer Vision and Pattern Recognition, 2000. Proceedings. IEEE Conference on},
  volume={1},
  pages={316--323},
  year={2000},
  organization={IEEE}
}

@article{tsochantaridis2006large,
  title={Large margin methods for structured and interdependent output variables},
  author={Tsochantaridis, I. and Joachims, T. and Hofmann, T. and Altun, Y.},
  journal={Journal of Machine Learning Research},
  volume={6},
  number={2},
  pages={1453},
  year={2006},
  publisher={THE MIT PRESS}
}

@inproceedings{maire2008using,
  title={Using contours to detect and localize junctions in natural images},
  author={Maire, M. and Arbel{\'a}ez, P. and Fowlkes, C. and Malik, J.},
  booktitle={Computer Vision and Pattern Recognition, 2008. CVPR 2008. IEEE Conference on},
  pages={1--8},
  year={2008},
  organization={IEEE}
}

@inproceedings{gu2009recognition,
  title={Recognition using regions},
  author={Gu, C. and Lim, J.J. and Arbel{\'a}ez, P. and Malik, J.},
  booktitle={Computer Vision and Pattern Recognition, 2009. CVPR 2009. IEEE Conference on},
  pages={1030--1037},
  year={2009},
  organization={IEEE}
}

@article{bay2006surf,
  title={Surf: Speeded up robust features},
  author={Bay, H. and Tuytelaars, T. and Van Gool, L.},
  journal={Computer Vision--ECCV 2006},
  pages={404--417},
  year={2006},
  publisher={Springer}
}

@article{ljubic2006algorithmic,
  title={An algorithmic framework for the exact solution of the prize-collecting Steiner tree problem},
  author={Ljubi{\'c}, I. and Weiskircher, R. and Pferschy, U. and Klau, G.W. and Mutzel, P. and Fischetti, M.},
  journal={Mathematical Programming},
  volume={105},
  number={2},
  pages={427--449},
  year={2006},
  publisher={Springer}
}

@article{shi2000normalized,
  title={Normalized cuts and image segmentation},
  author={Shi, J. and Malik, J.},
  journal={Pattern Analysis and Machine Intelligence, IEEE Transactions on},
  volume={22},
  number={8},
  pages={888--905},
  year={2000},
  publisher={IEEE}
}

@inproceedings{zhu2007untangling,
  title={Untangling cycles for contour grouping},
  author={Zhu, Q. and Song, G. and Shi, J.},
  booktitle={Computer Vision, 2007. ICCV 2007. IEEE 11th International Conference on},
  pages={1--8},
  year={2007},
  organization={IEEE}
}

@article{martin2004learning,
  title={Learning to detect natural image boundaries using local brightness, color, and texture cues},
  author={Martin, D.R. and Fowlkes, C.C. and Malik, J.},
  journal={Pattern Analysis and Machine Intelligence, IEEE Transactions on},
  volume={26},
  number={5},
  pages={530--549},
  year={2004},
  publisher={IEEE}
}

@inproceedings{arbelaez2009contours,
  title={From contours to regions: An empirical evaluation},
  author={Arbel{\'a}ez, P. and Maire, M. and Fowlkes, C. and Malik, J.},
  booktitle={Computer Vision and Pattern Recognition, 2009. CVPR 2009. IEEE Conference on},
  pages={2294--2301},
  year={2009},
  organization={IEEE}
}