@ARTICLE{Hildebrandt04anisotropicfiltering,
    author = {Klaus Hildebrandt and Konrad Polthier},
    title = {Anisotropic filtering of non-linear surface features},
    journal = {Computer Graphics Forum},
    year = {2004},
    volume = {23},
    pages = {391--400}
}

@inproceedings{Taubin:1995:SPA:218380.218473,
 author = {Taubin, Gabriel},
 title = {A signal processing approach to fair surface design},
 booktitle = {Proceedings of the 22nd annual conference on Computer graphics and interactive techniques},
 series = {SIGGRAPH '95},
 year = {1995},
 isbn = {0-89791-701-4},
 pages = {351--358},
 numpages = {8},
 url = {http://doi.acm.org/10.1145/218380.218473},
 doi = {10.1145/218380.218473},
 acmid = {218473},
 publisher = {ACM},
 address = {New York, NY, USA},
 keywords = {graphics},
}

@ARTICLE{Pinkall93computingdiscrete,
    author = {Ulrich Pinkall and Konrad Polthier},
    title = {Computing Discrete Minimal Surfaces and Their Conjugates},
    journal = {Experimental Mathematics},
    year = {1993},
    volume = {2},
    pages = {15--36}
}

@TechReport{PolthierHabilitation,
author = {Konrad Polthier},
title = {Polyhedral surfaces of constant mean curvature},
institution = {TU Berlin},
year = {2002},
}

@Article{PolthierRossmann2002,
author = {POLTHIER K., ROSSMANN W.},
title = {Index of discrete constant mean curvature surfaces},
journal = {J. Reine und Angew. Math},
year = {2002},
pages = {47–-77}
}

@incollection {springerlink:10.1007,
   author = {Möbius, Jan and Kobbelt, Leif},
   affiliation = {Department of Computer Science 8, RWTH Aachen University, Ahornstrasse 55, 52074 Aachen},
   title = {OpenFlipper: An Open Source Geometry Processing and Rendering Framework},
   booktitle = {Curves and Surfaces},
   series = {Lecture Notes in Computer Science},
   publisher = {Springer Berlin / Heidelberg},
   isbn = {978-3-642-27412-1},
   keyword = {Computer Science},
   pages = {488-500},
   volume = {6920},
   year = {2012}
}

@MISC{Botsch02openmesh-,
    author = {M. Botsch and S. Steinberg and S. Bischoff and L. Kobbelt},
    title = {OpenMesh - a generic and efficient polygon mesh data structure},
    year = {2002}
}

 @MISC{eigenweb,
  author = {Ga\"{e}l Guennebaud and Beno\^{i}t Jacob and others},
  title = {Eigen v3},
  howpublished = {http://eigen.tuxfamily.org},
  year = {2010}
 }
 
 @article{Davis:2009:DSS:1462173.1462176,
  author = {Davis, Timothy A. and Hager, William W.},
  title = {Dynamic Supernodes in Sparse Cholesky Update/Downdate and Triangular Solves},
  journal = {ACM Trans. Math. Softw.},
  issue_date = {February 2009},
  volume = {35},
  number = {4},
  month = feb,
  year = {2009},
  issn = {0098-3500},
  pages = {27:1--27:23},
  articleno = {27},
  numpages = {23},
  url = {http://doi.acm.org/10.1145/1462173.1462176},
  doi = {10.1145/1462173.1462176},
  acmid = {1462176},
  publisher = {ACM},
  address = {New York, NY, USA},
  keywords = {Cholesky factorization, linear equations, sparse matrices},
 } 
 
 @INCOLLECTION{Wardetzky08Cotan,
   author = 	{Max Wardetzky},
   title = 	{Convergence of the Cotangent Formula: {A}n Overview},
   booktitle = 	{Discrete Differential Geometry},
   publisher = 	{Birkh\"auser Basel},
   year = 	{2008},
   editor = 	{Alexander I. Bobenko and John M. Sullivan and Peter Schr\"oder and
 		G\"unter Ziegler}
 }
