@ARTICLE{Hildebrandt04anisotropicfiltering,
    author = {Klaus Hildebrandt and Konrad Polthier},
    title = {Anisotropic filtering of non-linear surface features},
    journal = {Computer Graphics Forum},
    year = {2004},
    volume = {23},
    pages = {391--400}
}